<record><leader>00000cas a22000007a 4500</leader><controlfield tag="001">14961978</controlfield><controlfield tag="008">861212d18901904inuwr ne      0    0eng d</controlfield><datafield ind1=" " ind2=" " tag="010"><subfield code="a">sn 86059109 </subfield></datafield><datafield ind1=" " ind2=" " tag="040"><subfield code="a">NPI</subfield><subfield code="b">eng</subfield><subfield code="c">NPI</subfield><subfield code="d">OCLCQ</subfield><subfield code="d">IUL</subfield><subfield code="d">OCLCF</subfield></datafield><datafield ind1=" " ind2=" " tag="042"><subfield code="a">msc</subfield></datafield><datafield ind1=" " ind2=" " tag="043"><subfield code="a">n-us-in</subfield></datafield><datafield ind1="0" ind2=" " tag="130"><subfield code="a">Weekly journal (Lafayette, Ind. : 1890)</subfield></datafield><datafield ind1="1" ind2="4" tag="245"><subfield code="a">The Weekly journal.</subfield></datafield><datafield ind1="1" ind2="7" tag="246"><subfield code="a">Lafayette weekly journal</subfield></datafield><datafield ind1=" " ind2=" " tag="260"><subfield code="a">Lafayette, Ind. :</subfield><subfield code="b">J.W. French, W.B. Wilson,</subfield><subfield code="c">1890-1904.</subfield></datafield><datafield ind1=" " ind2=" " tag="300"><subfield code="a">volumes</subfield></datafield><datafield ind1=" " ind2=" " tag="310"><subfield code="a">Weekly</subfield></datafield><datafield ind1="0" ind2=" " tag="362"><subfield code="a">Vol. 29, no. 29 (Apr. 4, 1890)-75th year (Sept. 23,1904).</subfield></datafield><datafield ind1=" " ind2=" " tag="580"><subfield code="a">Also published in daily editions.</subfield></datafield><datafield ind1=" " ind2="0" tag="651"><subfield code="a">Lafayette (Ind.)</subfield><subfield code="v">Newspapers.</subfield></datafield><datafield ind1=" " ind2="0" tag="651"><subfield code="a">Tippecanoe County (Ind.)</subfield><subfield code="v">Newspapers.</subfield></datafield><datafield ind1=" " ind2="7" tag="651"><subfield code="a">Indiana</subfield><subfield code="z">Lafayette.</subfield><subfield code="2">fast</subfield><subfield code="0">(OCoLC)fst01204553</subfield></datafield><datafield ind1=" " ind2="7" tag="651"><subfield code="a">Indiana</subfield><subfield code="z">Tippecanoe County.</subfield><subfield code="2">fast</subfield><subfield code="0">(OCoLC)fst01213782</subfield></datafield><datafield ind1=" " ind2="7" tag="655"><subfield code="a">Newspapers.</subfield><subfield code="2">fast</subfield><subfield code="0">(OCoLC)fst01423814</subfield></datafield><datafield ind1=" " ind2=" " tag="752"><subfield code="a">United States</subfield><subfield code="b">Indiana</subfield><subfield code="c">Tippecanoe</subfield><subfield code="d">Lafayette.</subfield></datafield><datafield ind1="1" ind2=" " tag="775"><subfield code="t">Morning journal (Lafayette, Ind.)</subfield><subfield code="w">(DLC)sn 86063058</subfield><subfield code="w">(OCoLC)13105047</subfield></datafield><datafield ind1="1" ind2=" " tag="775"><subfield code="t">Lafayette morning journal</subfield><subfield code="w">(DLC)sn 86059098</subfield><subfield code="w">(OCoLC)14950480</subfield></datafield><datafield ind1="0" ind2="0" tag="780"><subfield code="t">La Fayette weekly journal (Lafayette, Ind. : 1887)</subfield><subfield code="w">(DLC)sn 84023989</subfield><subfield code="w">(OCoLC)11109979</subfield></datafield><datafield ind1="0" ind2="4" tag="785"><subfield code="t">Lafayette morning journal</subfield><subfield code="w">(DLC)sn 86059098</subfield><subfield code="w">(OCoLC)14950480</subfield></datafield></record>